@ARTICLE{Supp_sidelobes_MCS, 
author={Ivan Cosovic and Tiziano Mazzoni}, 
journal={Eur. Trans. Telecomms.}, title={Suppression of sidelobes in {OFDM} systems by multiple-choice sequences}, 
year={2006}, 
volume={17}, 
pages={623--630}, 
}

@ARTICLE{5424082, 
author={Zhou Yuan and Wyglinski, A. M.}, 
journal=IEEE_J_VT, title={On Sidelobe Suppression for Multicarrier-Based Transmission in Dynamic Spectrum Access Networks}, 
year={2010}, 
month=may, 
volume={59}, 
number={4}, 
pages={1998--2006}, 
keywords={DSA network;NC-OFDM signal;OOB radiation reduction;bandpass filter;cancellation carrier;high-speed dynamic spectrum access network;modulated filter bank;multicarrier-based transmission;net reduction;net sidelobe power reduction;noncontiguous orthogonal frequency-division-multiplexing;out-of-band interference;sidelobe suppression;wireless channel;OFDM modulation;band-pass filters;radiofrequency interference;spread spectrum communication;wireless channels;}, 
doi={10.1109/TVT.2010.2044428}, 
ISSN={0018-9545},}

@INPROCEEDINGS{4489193, 
author={Pagadarai, S. and Rajbanshi, R. and Wyglinski, A. M. and Minden, G. J.}, 
booktitle={IEEE Wireless Communications and Networking Conference (WCNC)}, title={Sidelobe Suppression for {OFDM}-Based Cognitive Radios Using Constellation Expansion}, 
year={2008}, 
month=apr, 
pages={888--893}, 
keywords={OFDM-based cognitive radio;constellation expansion-based iterative approach;sidelobe interference suppression;OFDM modulation;cognitive radio;interference suppression;iterative methods;}, 
doi={10.1109/WCNC.2008.162}, 
ISSN={1525-3511},}

@INPROCEEDINGS{5633213, 
author={Yue Xiao and Qihui Liang and Xu He and Shaoqian Li}, 
booktitle={International Conference on Wireless Communications and Signal Processing (WCSP)}, title={On the joint reduction of peak-to-average power ratio and out-of-band power in {OFDM} systems}, 
year={2010}, 
month=oct, 
pages={1--4}, 
keywords={OFDM system;PAR reduction;orthogonal frequency division multiplexing system;out-of-band power;peak-to-average power ratio;serial peak cancellation;sidelobe suppression;OFDM modulation;interference suppression;}, 
doi={10.1109/WCSP.2010.5633213}, 
ISSN={},}

@INPROCEEDINGS{4411634, 
author={Senst, M. and Jordan, M. and Dorpinghaus, M. and Farber, M. and Ascheid, G. and Meyr, H.}, 
booktitle={IEEE Global Telecommunications Conference (GLOBECOM)}, title={Joint Reduction of Peak-to-Average Power Ratio and Out-of-Band Power in {OFDM} Systems}, 
year=2007, 
month=nov, 
pages={3812--3816}, 
keywords={OFDM systems;joint reduction algorithm;optimization;out-of-band power;peak-to-average power ratio;OFDM modulation;optimisation;}, 
doi={10.1109/GLOCOM.2007.724}, 
ISSN={},}

@INPROCEEDINGS{5594133, 
author={Ghassemi, A. and Lampe, L. and Attar, A. and Gulliver, T. A.}, 
booktitle={IEEE Vehicular Technology Conference (VTC)}, title={Joint Sidelobe and Peak Power Reduction in {OFDM}-Based Cognitive Radio}, 
year=2010, 
month=sep, 
pages={1--5}, 
keywords={BER;NC-OFDM signal;average sidelobe power;bandwidth utilization;bit error rate;cognitive radio;mapping sequence;noncontiguous orthogonal frequency division multiplexing;nonlinear power amplifier;peak power reduction;peak-to-average power ratio;primary user band;secondary user;signal distortion;OFDM modulation;cognitive radio;distortion;error statistics;power amplifiers;}, 
doi={10.1109/VETECF.2010.5594133}, 
ISSN={1090-3038},}

@ARTICLE{5669234, 
author={Daiming Qu and Jie Ding and Tao Jiang and Xiaojun Sun}, 
journal=IEEE_J_WCOM, title={Detection of Non-Contiguous {OFDM} Symbols for Cognitive Radio Systems without Out-of-Band Spectrum Synchronization}, 
year=2011, 
month=feb, 
volume=10, 
number=2, 
pages={693--701}, 
keywords={a posterior probability;cognitive radio systems;hard-decision-based detection;non-contiguous OFDM symbols;out-of-band spectrum synchronization;received training symbol;soft-decision-based detection;OFDM modulation;cognitive radio;error statistics;signal detection;synchronisation;}, 
doi={10.1109/TWC.2011.120810.101324}, 
ISSN={1536-1276},}

@ARTICLE{6148126, 
author={Zhang, J. A. and Xiaojing Huang and Cantoni, A. and Guo, Y. J.}, 
journal=IEEE_J_COM, title={Sidelobe Suppression with Orthogonal Projection for Multicarrier Systems}, 
year=2012, 
month=feb,
volume=60, 
number=2, 
pages={589--599}, 
keywords={SSOP scheme;cognitive radio;low-complexity sidelobe suppression with orthogonal projection scheme;multicarrier system;orthogonal projection matrix;out-of-band emission reduction;radio receiver;sidelobe cancellation;signal predistortion techniques;spectrum inefficient time-domain windowing;spectrum shaping;cognitive radio;communication complexity;interference suppression;matrix algebra;radio receivers;radio spectrum management;}, 
doi={10.1109/TCOMM.2012.012012.110115}, 
ISSN={0090-6778},}

@ARTICLE{6222575, 
author={Lizarraga, E. M. and Dowhuszko, A. A. and Sauchelli, V. H.}, 
journal={IEEE Latin America Transactions}, title={Improving Out-of-Band Power Emissions in {OFDM} Systems using Double-length Symbols}, 
year=2012, 
month=apr, 
volume=10, 
number=3, 
pages={1710--1718}, 
keywords={IDFT computation;OFDM systems;cognitive radio;cyclic prefix strategy;cyclic suffix strategy;double-length symbols;inverse discrete Fourier transform;orthogonal frequency division multiplexing;out-of-band power emissions;rate-one spectral precoding techniques;software defined radio;OFDM modulation;cognitive radio;discrete Fourier transforms;precoding;software radio;}, 
doi={10.1109/TLA.2012.6222575}, 
ISSN={1548-0992},}

@ARTICLE{1407975, 
author={Jiho Park and Dong-Chul Park and Marks, R. J. and El-Sharkawi, M. A.}, 
journal=IEEE_J_IP, title={Recovery of image blocks using the method of alternating projections}, 
year=2005, 
month=apr, 
volume=14, 
number=4, 
pages={461--474}, 
keywords={Hilbert space;JPEG image;alternating projection method;block-based image;block-loss restoration;fast discrete cosine transformation;hybrid edge-based average-median interpolation technique;image block recovery;image restoration;interblock correlation interpolation approach;orthogonal projection;peak signal-to-noise ratio;restored damaged pixels;spatial domain interpolation algorithm;video coding;Hilbert spaces;correlation methods;discrete cosine transforms;feature extraction;image resolution;image restoration;interpolation;video coding;Algorithms;Artificial Intelligence;Computer Graphics;Image Enhancement;Image Interpretation, Computer-Assisted;Information Storage and Retrieval;Numerical Analysis, Computer-Assisted;Pattern Recognition, Automated;Reproducibility of Results;Sensitivity and Specificity;Signal Processing, Computer-Assisted;}, 
doi={10.1109/TIP.2004.842354}, 
ISSN={1057-7149},}

@BOOK{Marks_book,
  title = {Handbook of Fourier Analysis \& Its Applications},
  publisher = {Oxford University Press},
  year = {2009},
  author = {Robert J. Marks}
  }

@ARTICLE{5783994, 
author={Bogucka, H. and Wyglinski, A. M. and Pagadarai, S. and Kliks, A.}, 
journal=IEEE_M_COM, title={Spectrally agile multicarrier waveforms for opportunistic wireless access}, 
year=2011, 
month=jun, 
volume=49, 
number=6, 
pages={108--115}, 
keywords={actual spectrum measurement data;data transmission scheme;divide-and-conquer data transmission approach;high data rates;implementation complexity;intersymbol interference;modern wireless communications standards;multicarrier transmission solutions;multipath fading channels;noncontiguous nonorthogonal frequency-division multiplexing;noncontiguous orthogonal frequency-division multiplexing;opportunistic wireless access;out-of-band interference mitigation;single continuous transmission frequency band;spectrally adjacent signals;spectrally agile multicarrier waveforms;spectrally agile wireless access;spectrally-agile multicarrier modulation schemes;unlicensed users;unoccupied licensed frequency bands;OFDM modulation;data communication;intersymbol interference;radio access networks;}, 
doi={10.1109/MCOM.2011.5783994}, 
ISSN={0163-6804},}

@ARTICLE{4939341, 
author={Dong Li and Xianhua Dai and Han Zhang}, 
journal=IEEE_J_COML, title={Sidelobe suppression in {NC-OFDM} systems using constellation adjustment}, 
year=2009, 
month=may, 
volume=13, 
number=5, 
pages={327--329}, 
keywords={NC-OFDM sidelobe suppression system;constellation adjustment method;iterative method;noncontiguous orthogonal frequency division multiplexing system;OFDM modulation;iterative methods;}, 
doi={10.1109/LCOMM.2009.090031}, 
ISSN={1089-7798},}

@BOOK{ConvexOpt_Boyd,
  title = {Convex Optimization},
  publisher = {Cambridge University Press},
  year = {2004},
  author = {S.~Boyd and L.~Vandenberghe}
  }
  
@article{goldburg_signal_1985,
	title = {Signal synthesis in the presence of an inconsistent set of constraints},
	volume = {32},
	issn = {0098-4094},
	doi = {10.1109/TCS.1985.1085777},
	number = {7},
	journal = IEEE_J_CAS,
	author = {Goldburg, M. and Marks~II, R. J.},
    month = jul,
	year = {1985},
	pages = {647--663},
	
}

@article{gubin_method_1967,
	title = {The method of projections for finding the common point of convex sets},
	volume = {7},
	issn = {0041-5553},
	doi = {10.1016/0041-5553(67)90113-9},
	number = {6},
	urldate = {2013-07-10},
	journal = {{USSR} Computational Mathematics and Mathematical Physics},
	author = {Gubin, {L.G.} and Polyak, {B.T.} and Raik, {E.V.}},
	year = {1967},
	pages = {1--24},
}

@article{youla_extensions_1986,
	title = {Extensions of a result on the synthesis of signals in the presence of inconsistent constraints},
	volume = {33},
	issn = {0098-4094},
	doi = {10.1109/TCS.1986.1085927},
	number = {4},
	journal = IEEE_J_CAS,
	author = {Youla, D. C. and Velasco, V.},
	year = {1986},
	pages = {465--468},
	}
	
@article{youla1982image,
	title = {Image Restoration by the Method of Convex Projections: Part 1 -- Theory},
	volume = {MI-1},
	issn = {0098-4094},
	doi = {10.1109/TCS.1986.1085927},
	number = {2},
	journal = IEEE_J_MI,
	author = {Youla, D. C. and Webb, H.},
    month = oct,
	year = {1982},
	pages = {81--94},
	}


	
@article{Analytical_Spectrum,
	title = {Analytical expressions for the power spectral density of {CP-OFDM} and {ZP-OFDM} signals},
	volume = {17},
	number = {4},
	journal = IEEE_J_SPL,
	author = {van Waterschoot, Toon and Le Nir, Vincent and Duplicy, Jonathan and Moonen, Marc},
	year = {2010},
	pages = {371--374},
	publisher={IEEE}
	}
	

@article{Gert_DMT,
  title={Intra-symbol windowing for egress reduction in {DMT} transmitters},
  author={Cuypers, Gert and Vanbleu, Koen and Ysebaert, Geert and Moonen, Marc},
  journal={EURASIP Journal on Advances in Signal Processing},
  volume={2006, Artical ID 70387},
  publisher={Hindawi Publishing Corporation}
}

@article{harris1978use,
  title={On the use of windows for harmonic analysis with the discrete {F}ourier transform},
  author={Harris, Fredric J},
  journal=IEEE_J_PROC,
  volume={66},
  number={1},
  pages={51--83},
  year={1978},
  publisher={IEEE}
}

@article{muller1997ofdm,
  title={OFDM with reduced peak-to-average power ratio by optimum combination of partial transmit sequences},
  author={Muller, Stefan H and Huber, Johannes B},
  journal={Electronics letters},
  volume={33},
  number={5},
  pages={368--369},
  year={1997},
  publisher={IET}
}


@article{jiang2007papr,
  title={PAPR reduction of OFDM signals using partial transmit sequences with low computational complexity},
  author={Jiang, Tao and Xiang, Weidong and Richardson, Paul C and Guo, Jinhua and Zhu, Guangxi},
  journal={Broadcasting, IEEE Transactions on},
  volume={53},
  number={3},
  pages={719--724},
  year={2007},
  publisher={IEEE}
}

@article{jiang2005complement,
  title={Complement block coding for reduction in peak-to-average power ratio of OFDM signals},
  author={Jiang, Tao and Zhu, Guangxi},
  journal={Communications Magazine, IEEE},
  volume={43},
  number={9},
  pages={S17--S22},
  year={2005},
  publisher={IEEE}
}

@article{jiang2006two,
  title={Two novel nonlinear companding schemes with iterative receiver to reduce PAPR in multi-carrier modulation systems},
  author={Jiang, Tao and Yao, Wenbing and Guo, Peng and Song, Yonghua and Qu, Daiming},
  journal={Broadcasting, IEEE Transactions on},
  volume={52},
  number={2},
  pages={268--273},
  year={2006},
  publisher={IEEE}
}

@article{jiang2005exponential,
  title={Exponential companding technique for PAPR reduction in OFDM systems},
  author={Jiang, Tao and Yang, Yang and Song, Yong-Hua},
  journal={Broadcasting, IEEE Transactions on},
  volume={51},
  number={2},
  pages={244--248},
  year={2005},
  publisher={IEEE}
}


@article{jiang2004nonlinear,
  title={Nonlinear companding transform for reducing peak-to-average power ratio of OFDM signals},
  author={Jiang, Tao and Zhu, Guangxi},
  journal={Broadcasting, IEEE Transactions on},
  volume={50},
  number={3},
  pages={342--346},
  year={2004},
  publisher={IEEE}
}


@INPROCEEDINGS{krishnamoorthy2013matrix,
author={Krishnamoorthy, A. and Menon, D.},
booktitle={Signal Processing: Algorithms, Architectures, Arrangements, and Applications (SPA), 2013},
title={Matrix inversion using {C}holesky decomposition},
year={2013},
month={Sept},
pages={70-72},
keywords={matrix algebra;numerical analysis;Cholesky decomposition;fixed point simulations;matrix inversion;numerical accuracy;Matrix decomposition;Zinc;Cholesky;LDL;inversion;matrix},
ISSN={2326-0262},}


@book{haykin2006introduction,
  title={An introduction to analog and digital communications, 2nd Edition},
  author={Haykin, Simon S and Moher, Michael},
  year={2006},
  publisher={Wiley}
}

@article{6823751, 
author={Ni, C. and Jiang, T. and Peng, W.}, 
journal=IEEE_J_VT, 
title={Joint {PAPR} Reduction and Sidelobe Suppression Using Signal Cancellation in {NC-OFDM} Based Cognitive Radio Systems}, 
year=2014, 
month={}, 
volume={PP}, 
number={99}, 
pages={1-1}, 
doi={10.1109/TVT.2014.2327012}, 
ISSN={0018-9545},}

@ARTICLE{5497070, 
author={Xue Li and Chakravarthy, V. D. and Bin Wang and Zhiqiang Wu}, 
journal=IEEE_J_JSAC, 
title={Spreading Code Design of Adaptive Non-Contiguous {SOFDM} for Dynamic Spectrum Access}, 
year=2011, 
month=feb, 
volume=5, 
number=1, 
pages={190--196}, 
keywords={Hadamard codes;OFDM modulation;binary codes;cognitive radio;diversity reception;error statistics;fading channels;mobile radio;multipath channels;network coding;orthogonal codes;radiowave interferometry;spread spectrum communication;subcarrier multiplexing;Hadamard-Walsh code;adaptive noncontiguous SOFDM;binary orthogonal code set;bit error ratio performance;diversity gain;dynamic spectrum access network;multicarrier-based cognitive radio transceivers;multipath fading channels;orthogonal carrier interferometry codes;spread orthogonal frequency division multiplexing system;spreading code design;Carrier interferometry (CI);cognitive radio (CR);dynamic spectrum access (DSA);spread orthogonal frequency- division multiplexing (SOFDM)}, 
doi={10.1109/JSTSP.2010.2055538}, 
ISSN={1932-4553},}


@INPROCEEDINGS{6563566, 
author={Liang Dong and Yanqing Liu and Marks, R. J.}, 
booktitle={Texas Symposium on Wireless and Microwave Circuits and Systems (WMCS)}, 
title={Reduction of out-of-band power and peak-to-average power ratio in {OFDM}-based cognitive radio using alternating projections}, 
year={2013}, 
month=apr, 
pages={1--4}, 
keywords={OFDM modulation;cognitive radio;time-domain analysis;OFDM-based cognitive radio;alternating projections;incumbent communication systems;large interference;low-complexity method;noncontiguous OFDM technique;out-of-band power ratio;peak-to-average power ratio;performance degradation;time-domain OFDM symbol;Cognitive radio;Frequency-domain analysis;Joints;Peak to average power ratio;Time-domain analysis;Vectors}, 
doi={10.1109/WMCaS.2013.6563566},}

@INPROCEEDINGS{6831614, 
author={Yanqing Liu and Liang Dong and Marks, R. J.}, 
booktitle={IEEE Global Communications Conference (GLOBECOM)}, 
title={Joint reduction of out-of-band power and peak-to-average power ratio for non-contiguous {OFDM} systems}, 
year={2013}, 
month=dec, 
pages={3493--3498}, 
keywords={OFDM modulation;cognitive radio;convex programming;frequency-domain analysis;set theory;OBP;OFDM subcarriers;OFDM-modulated tones;PAPR;POCS iteration;adjusting weights;alternating projections onto convex sets;cognitive radio systems;computational complexity;convex optimization process;frequency-domain OFDM symbol;incumbent communication systems;noncontiguous OFDM;out-of-band power;peak-to-average power ratio;sidelobes;Frequency-domain analysis;Indexes;Joints;Peak to average power ratio;Signal processing algorithms;Vectors}, 
doi={10.1109/GLOCOM.2013.6831614},}


@misc{cvx,
	author       = {Michael Grant and Stephen Boyd},
	title        = {{CVX}: Matlab Software for Disciplined Convex Programming, version 2.1},
	howpublished = {\url{http://cvxr.com/cvx}},
	month        = mar,
	year         = 2014
}