@article{zhang2010cooperative,
  title={Cooperative multi-cell block diagonalization with per-base-station power constraints},
  author={Zhang, Rui},
  journal={Selected Areas in Communications, IEEE Journal on},
  volume={28},
  number={9},
  pages={1435--1445},
  year={2010},
  publisher={IEEE}
}

@article{zhang2009networked,
  title={Networked MIMO with clustered linear precoding},
  author={Zhang, Jun and Chen, Runhua and Andrews, Jeffrey G and Ghosh, Arunabha and Heath, Robert W},
  journal={Wireless Communications, IEEE Transactions on},
  volume={8},
  number={4},
  pages={1910--1921},
  year={2009},
  publisher={IEEE}
}

@article{han2013user,
  title={User Scheduling for Cooperative Base Station Transmission Exploiting Channel Asymmetry},
  author={Han, Shengqian and Yang, Chenyang and Bengtsson, Mats},
  journal={Communications, IEEE Transactions on},
  volume={61},
  number={4},
  pages={1426--1435},
  year={2013},
  publisher={IEEE}
}

@article{zhao2013coordinated,
  title={Coordinated multipoint transmission with limited backhaul data transfer},
  author={Zhao, Jian and Quek, Tony QS and Lei, Zhongding},
  journal={Wireless Communications, IEEE Transactions on},
  volume={12},
  number={6},
  pages={2762--2775},
  year={2013},
  publisher={IEEE}
}

@article{zhang2013downlinkstudy,
author={Qian Zhang and Chenyang Yang and Molisch, AF.},
journal={Wireless Communications, IEEE Transactions on},
title={Downlink Base Station Cooperative Transmission Under Limited-Capacity Backhaul},
year={2013},
month={August},
volume={12},
number={8},
pages={3746-3759},
keywords={3G mobile communication;Long Term Evolution;array signal processing;cooperative communication;radio links;radiofrequency interference;3GPP Long Term Evolution-advanced;CoMP coordinated beamforming;CoMP-CB modes;CoMP-JP modes;base stations;cellular systems;closed-form semidynamic distributed hard switching scheme;coordinated multipoint transmission joint processing;downlink CoMP strategies;downlink base station cooperative transmission;high-capacity backhaul links;limited-capacity backhaul;local large-scale channel gains;optimal interference-free transmission strategy;single-mode CoMP transmission;Array signal processing;Downlink;Interference;Joints;Optimization;Switches;Vectors;Coordinated multi-point transmission;limited-capacity backhaul;transmission mode switching},
doi={10.1109/TWC.2013.071913.120974},
ISSN={1536-1276},}

@article{xu2014energy,
author={Zhikun Xu and Chenyang Yang and Li, G.Ye. and Yalin Liu and Shugong Xu},
journal={Signal Processing, IEEE Transactions on},
title={Energy-Efficient CoMP Precoding in Heterogeneous Networks},
year={2014},
month={Feb},
volume={62},
number={4},
pages={1005-1017},
keywords={cellular radio;precoding;telecommunication power management;base station;circuit power consumption;computational complexity;coordinated multipoint transmission;energy efficient CoMP precoding;energy efficient precoding;heterogeneous networks;macrocellular network;maximal transmit power;picocellular network;signal processing;subspace decomposition method;zero forcing precoder;Base stations;Complexity theory;Electronic mail;Quality of service;Topology;Transmitting antennas;Vectors;Heterogeneous networks (HetNets);coordinated multi-point (CoMP);energy efficiency (EE);precoding},
doi={10.1109/TSP.2013.2296279},
ISSN={1053-587X},}

@article{garcia2014cluster,
author={Garcia, V. and Yiqing Zhou and Jinglin Shi},
journal={Wireless Communications, IEEE Transactions on},
title={Coordinated Multipoint Transmission in Dense Cellular Networks With User-Centric Adaptive Clustering},
year={2014},
month={Aug},
volume={13},
number={8},
pages={4297-4308},
keywords={cellular radio;channel capacity;diversity reception;probability;random processes;statistical analysis;stochastic processes;telecommunication network management;telecommunication network topology;HN coverage performance;MD-CoMP;MS normalized outage capacity;Poisson point process;SINR;dense cellular network;global network;macrodiversity coordinated multipoint transmission;mobile station;outage probability;predefined clustering scheme;random network topology;regular hexagonal network;signal-to-interference-plus-noise ratio;user centric adaptive clustering method;Adaptive systems;Bismuth;Interference;Network topology;Signal to noise ratio;Topology;Wireless communication;Coordinated multipoint transmissions;adaptive clustering;macrodiversity;random networks},
doi={10.1109/TWC.2014.2316500},
ISSN={1536-1276},}

@article{luo_introduction_2006,
	title = {An introduction to convex optimization for communications and signal processing},
	volume = {24},
	issn = {0733-8716},
	doi = {10.1109/JSAC.2006.879347},
	pages = {1426--1438},
	number = {8},
	journaltitle = {{IEEE} Journal on Selected Areas in Communications},
	author = {Luo, Zhi-Quan and Yu, Wei},
	date = {2006-08},
}

@article{palomar2006tutorial,
  title={A tutorial on decomposition methods for network utility maximization},
  author={Palomar, Daniel P{\'e}rez and Chiang, Mung},
  journal={Selected Areas in Communications, IEEE Journal on},
  volume={24},
  number={8},
  pages={1439--1451},
  year={2006},
  publisher={IEEE}
}

@book{ConvexOpt_Boyd,
  title = {Convex Optimization},
  publisher = {Cambridge University Press},
  year = {2004},
  author = {S.~Boyd and L.~Vandenberghe}
  }
  
  @book{MIMOWirelessBook,
  author        = "Claude Oestges and Bruno Clerckx",
  title         = "{MIMO} Wireless Communications-From Real-World Propagation to Space-Time Code Design",
  publisher     = "Academic Press",
  year          = "2007"
}


@article{zhou2010secure,
	title={Secure transmission with artificial noise over fading channels: Achievable rate and optimal power allocation},
	author={Zhou, Xiangyun and McKay, Matthew R},
	journal={Vehicular Technology, IEEE Transactions on},
	volume={59},
	number={8},
	pages={3831--3842},
	year={2010},
	publisher={IEEE}
}

@article{lin2013secrecy,
	title={On secrecy rate of the generalized artificial-noise assisted secure beamforming for wiretap channels},
	author={Lin, Pin-Hsun and Lai, Szu-Hsiang and Lin, Shih-Chun and Su, Hsuan-Jung},
	journal={Selected Areas in Communications, IEEE Journal on},
	volume={31},
	number={9},
	pages={1728--1740},
	year={2013},
	publisher={IEEE}
}

@article{qin2013power,
	title={Power allocation and time-domain artificial noise design for wiretap OFDM with discrete inputs},
	author={Qin, Haohao and Sun, Yin and Chang, Tsung-Hui and Chen, Xiang and Chi, Chong-Yung and Zhao, Ming and Wang, Jing},
	journal={Wireless Communications, IEEE Transactions on},
	volume={12},
	number={6},
	pages={2717--2729},
	year={2013},
	publisher={IEEE}
}


@article{chae2014enhanced,
	title={Enhanced secrecy in stochastic wireless networks: Artificial noise with secrecy protected zone},
	author={Chae, Seong Ho and Choi, Wan and Lee, Jung Hoon and Quek, Tony QS},
	year={2014},
	publisher={IEEE}
}

@article{tekin2008general,
	title={The general Gaussian multiple-access and two-way wiretap channels: Achievable rates and cooperative jamming},
	author={Tekin, Ender and Yener, Aylin},
	journal={Information Theory, IEEE Transactions on},
	volume={54},
	number={6},
	pages={2735--2751},
	year={2008},
	publisher={IEEE}
}

@article{liu2008discrete,
	title={Discrete memoryless interference and broadcast channels with confidential messages: Secrecy rate regions},
	author={Liu, Ruoheng and Maric, Ivana and Spasojevic, Predrag and Yates, Roy D},
	journal={Information Theory, IEEE Transactions on},
	volume={54},
	number={6},
	pages={2493--2507},
	year={2008},
	publisher={IEEE}
}

@ARTICLE{7015632,
	author={Feng, R. and Li, Q. and Zhang, Q. and Qin, J.},
	journal={Vehicular Technology, IEEE Transactions on},
	title={Robust Secure Beamforming in MISO Full-Duplex Two-Way Secure Communications},
	year={2015},
	month={},
	volume={PP},
	number={99},
	pages={1-1},
	keywords={Array signal processing;Channel estimation;Communication systems;Optimization;Receiving antennas;Robustness;Uncertainty;Full-duplex;multiple-input-single-output (MISO);secure communications;two-way;worst-case model},
	doi={10.1109/TVT.2015.2394370},
	ISSN={0018-9545},}


@article{gopala2008secrecy,
	title={On the secrecy capacity of fading channels},
	author={Gopala, Praveen Kumar and Lai, Lifeng and El Gamal, Hesham},
	journal={Information Theory, IEEE Transactions on},
	volume={54},
	number={10},
	pages={4687--4698},
	year={2008},
	publisher={IEEE}
}

@inproceedings{mukherjee2012detecting,
	title={Detecting passive eavesdroppers in the MIMO wiretap channel},
	author={Mukherjee, Amitav and Swindlehurst, A Lee},
	booktitle={Acoustics, Speech and Signal Processing (ICASSP), 2012 IEEE International Conference on},
	pages={2809--2812},
	year={2012},
	organization={IEEE}
}













